<?xml version="1.0" encoding="UTF-8"?><collection xmlns="http://www.loc.gov/MARC21/slim"><record><leader>00400nam--2200133-i-4500</leader><controlfield tag="001">000026422</controlfield><controlfield tag="002">20161230</controlfield><controlfield tag="005">20161230201036</controlfield><controlfield tag="008">060222s1000------------r-----000-0-eng-d</controlfield><datafield ind1=" " ind2=" " tag="080"><subfield code="a">612.015.3(061.3)</subfield></datafield><datafield ind1=" " ind2=" " tag="245"><subfield code="a">International symposium on microcirculation of the alimentary tract. 28-30 march 1983, hong kong</subfield></datafield><datafield ind1=" " ind2=" " tag="260"><subfield code="a">Singapore, World Scientific, 1983, Xx +375p</subfield></datafield><datafield ind1=" " ind2=" " tag="700"><subfield code="a">Koo, A</subfield></datafield><datafield ind1=" " ind2=" " tag="852"><subfield code="a">79135</subfield></datafield></record></collection>